@article{oduntan2017investigating,
  title={Investigating the information gaps in refugee integration},
  author={Oduntan, Olubukola and Ruthven, Ian},
  journal={Proceedings of the Association for Information Science and Technology},
  volume={54},
  number={1},
  pages={308--317},
  year={2017},
  publisher={Wiley Online Library}
}

@article{unhcr2015seven,
  title={Seven Factors Behind Movement of Syrian Refugees to Europe},
  author={UNHCR (Office of the United Nations High Commissioner for Refugees)},
  journal={Briefing Notes},
  url={http://www.unhcr.org/560523f26.html},
  year={2015}
}

@misc{asylum2017seekers,
  title = {Applications and granting of protection status at first instance: 2017},
  author= {BAMF},
  howpublished = {\url{https://www.asylumineurope.org/reports/country/germany/statistics}},
  year = {Accessed: 03-Dec-2018}
}

@article{chatman1996impoverished,
  title={The impoverished life-world of outsiders},
  author={Chatman, Elfreda A},
  journal={Journal of the American Society for information science},
  volume={47},
  number={3},
  pages={193--206},
  year={1996},
  publisher={Wiley Online Library}
}


@misc{statistica2019asyl,
  title = {Anzahl der Asylantr\"age (insgesamt) in Deutschland von 1995 bis 2018},
  author = {BAMF},
  howpublished = {\url{https://de.statista.com/statistik/daten/studie/76095/umfrage/asylantraege-insgesamt-in-deutschland-seit-1995/}},
  year = {Accessed: 29-Jan-2019}
}

@misc{asylum2018bamf,
  title = {Regular Asylum Procedure},
  author = {BAMF (IGC, Eurostat)},
  howpublished = {\url{http://www.asylumineurope.org/reports/country/germany/asylum-procedure/procedures/regular-procedure#footnote1_lmnijmu}},
  year = {Accessed: 17-Dec-2018}
}

@book{dervin2003sense,
  title={Sense-making methodology reader: Selected writings of Brenda Dervin},
  author={Dervin, Brenda and Foreman-Wernet, Lois and Lauterbach, Eric},
  year={2003},
  publisher={Hampton Pr}
}

@misc{uno2018flucht,
  title = {Fl\"uchtlinge weltweit - Zahlen und Fakten},
  author = {UNHCR},
  howpublished = {\url{https://www.uno-fluechtlingshilfe.de/fluechtlinge/zahlen-fakten/}},
  year = {Accessed: 10-Feb-2019}
}

@misc{unhcr2018flucht,
  title = {Figures at a Glance},
  author = {UNHCR},
  howpublished = {\url{https://www.unhcr.org/figures-at-a-glance.html/}},
  year = {Accessed: 20-Feb-2019}
}


@article{fisher2004information,
  title={Information grounds and the use of need-based services by immigrants in Queens, New York: A context-based, outcome evaluation approach},
  author={Fisher, Karen E and Durrance, Joan C and Hinton, Marian Bouch},
  journal={Journal of the American Society for Information Science and Technology},
  volume={55},
  number={8},
  pages={754--766},
  year={2004},
  publisher={Wiley Online Library}
}

@article{oduntan2017information,
  title={Information behaviour of refugees: viewing refugee integration through an information science lens},
  author={Oduntan, Olubukola Olajumoke},
  journal={Bulletin of the American Society for Information Science and Technology},
  volume={43},
  number={3},
  pages={63--69},
  year={2017}
}

@inproceedings{sr15ipcc,
  author = {V. Masson-Delmotte, P. Zhai, H. O. P\"ortner, D. Roberts, J. Skea, P.R. Shukla, A.
Pirani, W. Moufouma-Okia, C. Péan, R. Pidcock, S. Connors, J. B. R. Matthews, Y. Chen, X. Zhou, M. I. Gomis, E. Lonnoy, T. Maycock, M.
Tignor, T. Waterfield (eds.)},
  title = {Global Warming of 1.5°C. An IPCC Special Report on the impacts of global warming of 1.5°C above pre-industrial levels and
related global greenhouse gas emission pathways, in the context of strengthening the global response to the threat of climate change,
sustainable development, and efforts to eradicate poverty},
  year = {2018},
  organization = {Intergovernmental Panel on Climate Change} 
 }

@inproceedings{abujarour2018ict,
  title={ICT as an Enabler: Understanding the Role of Online Communication in the Social Inclusion of Syrian Refugees in Germany},
  author={AbuJarour, Safa'a and Krasnova, Hanna and Hoffmeier, Farina},
  booktitle={Proceedings of the 26th European Conference on Information Systems},
  pages={1--17},
  year={2018},
  organization={Portsmouth, UK}
}

@article{gillespie2016mapping,
  title={Mapping refugee media journeys},
  author={Gillespie, Marie and Ampofo, Lawrence and Cheesman, Margaret and Faith, Becky and Iliadou, Evgenia and Issa, Ali and Osseiran, Souad and Skleparis, Dimitris},
  journal={Smartphones and social media networks. Paris: The Open University/France M{\'e}dias Monde. Google Scholar},
  year={2016}
}

@inproceedings{schreieck2017supporting,
  title={Supporting refugees in every Day life--intercultural design evaluation of an application for local information},
  author={Schreieck, Maximilian and Zitzelsberger, Jonas and Siepe, Sebastian and Wiesche, Manuel and Krcmar, Helmut},
  booktitle={Twenty First Pacific Asia Conference on Information Systems, Langkawi, Malaysia},
  year={2017}
}

@article{jones2017matching,
  title={Matching systems for refugees},
  author={Jones, Will and Teytelboym, Alexander},
  journal={J. on Migration \& Hum. Sec.},
  volume={5},
  pages={667},
  year={2017},
  publisher={HeinOnline}
}

@article{andrade2016information,
  title={Information and communication technology and the social inclusion of refugees},
  author={Andrade, Antonio Diaz and Doolin, Bill},
  journal={Mis Quarterly},
  volume={40},
  number={2},
  pages={405--416},
  year={2016},
  publisher={Society for Information Management and The Management Information Systems~…}
}

%unteres lesen!
@article{holmes2016representing,
  title={Representing the “European refugee crisis” in Germany and beyond: Deservingness and difference, life and death},
  author={Holmes, Seth M and Casta{\~n}eda, Heide},
  journal={American Ethnologist},
  volume={43},
  number={1},
  pages={12--24},
  year={2016},
  publisher={Wiley Online Library}
}
#notes
https://anthrosource.onlinelibrary.wiley.com/doi/full/10.1111/amet.12259
^
Representing the “European refugee crisis” in Germany and beyond: Deservingness and difference, life and death
https://doi.org/10.1111/amet.12259